@article{Adams:2021,
  title = {Variational {M}onte {C}arlo Calculations of {$A\ensuremath{\le}4$} 
      Nuclei 
      with an Artificial Neural-Network Correlator Ansatz},
  author = {Adams, Corey and Carleo, Giuseppe and Lovato, Alessandro and 
      Rocco, Noemi},
  journal = {Phys. Rev. Lett.},
  volume = {127},
  issue = {2},
  pages = {022502},
  numpages = {6},
  year = {2021},
  month = {July},
  publisher = {American Physical Society},
  doi = {10.1103/PhysRevLett.127.022502},
}

@article{Gnech:2022,
  title={Nuclei with up to {$A = 6$} nucleons with artificial neural network 
      wave functions},
  author={Gnech, Alex and Adams, Corey and Brawand, Nicholas and Carleo, 
      Giuseppe and Lovato, Alessandro and Rocco, Noemi},
  journal={Few-Body Systems},
  volume={63},
  number={1},
  pages={7},
  year={2022},
  month = {December},
  publisher={Springer},
  doi = {10.1007/s00601-021-01706-0}
}

@article{Hossain:2022,
  title = {Rotating quantum turbulence in the unitary Fermi gas},
  author = {Hossain, Khalid and Kobuszewski, Konrad and Forbes, Michael McNeil 
      and Magierski, Piotr and Sekizawa, Kazuyuki and Wlaz\l{}owski, Gabriel},
  journal = {Phys. Rev. A},
  volume = {105},
  issue = {1},
  pages = {013304},
  numpages = {11},
  year = {2022},
  month = {January},
  publisher = {American Physical Society},
  doi = {10.1103/PhysRevA.105.013304},
}

@online{Alcc:2021,
    author = {Oak Ridge National Laboratory},
    title = {Quantum turbulence in {F}ermi superfluids},
    year = {2021},
    url = {https://www.olcf.ornl.gov/web-project/quantum-turbulence-in-fermi-superfluids/},
    urldate = {2023-02-07},
}

@article{Wlazlowski:2018,
  title = {Suppressed Solitonic Cascade in Spin-Imbalanced Superfluid {F}ermi 
      Gas},
  author = {Wlaz\l{}owski, Gabriel and Sekizawa, Kazuyuki and 
      Marchwiany, Maciej and Magierski, Piotr},
  journal = {Phys. Rev. Lett.},
  volume = {120},
  issue = {25},
  pages = {253002},
  numpages = {6},
  year = {2018},
  month = {Jun},
  publisher = {American Physical Society},
  doi = {10.1103/PhysRevLett.120.253002},
}

@article{Bulgac:2014,
  title = {Quantized Superfluid Vortex Rings in the Unitary {F}ermi Gas},
  author = {Bulgac, Aurel and Forbes, Michael McNeil and Kelley, Michelle M. 
      and Roche, Kenneth J. and Wlaz\l{}owski, Gabriel},
  journal = {Phys. Rev. Lett.},
  volume = {112},
  issue = {2},
  pages = {025301},
  numpages = {5},
  year = {2014},
  month = {Jan},
  publisher = {American Physical Society},
  doi = {10.1103/PhysRevLett.112.025301},
}

@online{W-slda:2023,
    author = {Gabriel Wlaz\l{}owski},
    title = {W-SLDA Toolkit},
    url = {https://wslda.fizyka.pw.edu.pl/index.php},
    urldate = {2023-02-07},
}
